Examples
Book{palermo2010asp.net,
 author = {Palermo, Jeffrey},
 title = {ASP.NET MVC in action with MvcContrib, NHibernate, and more},
 publisher = {Manning},
 year = {2010},
 address = {Greenwich Conn},
 isbn = {9781933988627}
}

misc{nodejs-about,
  author = "{Joyent, Inc.}",
  title = "Node.js title page",
  year = "2012",
  howpublished={\url{"http://http://nodejs.org/"}},
  note = "[Online; accessed 2012-10-10]"
}

article{Kruchten,
 author = {Kruchten, Philippe},
 title = {The 4+1 View Morm of Architecture},
 journal = {IEEE Softw.},
 issue_date = {November 1995},
 volume = {12},
 number = {6},
 month = nov,
 year = {1995},
 issn = {0740-7459},
 pages = {42--50},
 numpages = {9},
 url = {http://dx.doi.org/10.1109/52.469759},
 doi = {10.1109/52.469759},
 acmid = {625529},
 publisher = {IEEE Computer Society Press},
 address = {Los Alamitos, CA, USA},
}

@article{BellKor-PragmaticTheory,
 author = {Yehuda Koren},
 title = {The BellKor Solution to the Netflix Grand Prize},
 issue_date = {November 1995},
 month = aug,
 year = {2009},
 numpages = {10},
 url = {http://www.netflixprize.com/assets/GrandPrize2009_BPC_PragmaticTheory.pdf},
}

@misc{gcdt,
  author="Google",
  title = "{Google Chrome Developer Tools}",
  howpublished={\url{"https://developers.google.com/chrome-developer-tools/"}},
  year = "2013",
  note = "[Online; accessed 2013-11-25]"
}

@misc{ruby-about,
  author="The Ruby Community",
  title = "{Ruby About}",
  howpublished={\url{"https://www.ruby-lang.org/en/about/"}},
  note = "[Online; accessed 2013-11-25]"
}

@misc{rubygems,
  author="The Ruby Community",
  title = "{RubyGems.org}",
  howpublished={\url{"https://rubygems.org/"}},
  note = "[Online; accessed 2013-11-25]"
}

@misc{mongodb-intro,
  author = "{10gen Inc.}",
  title = "{MongoDB Introduction}",
  year = "2012",
  url = "http://www.mongodb.org/display/DOCS/Introduction",
  howpublished={\url{"http://www.mongodb.org/display/DOCS/Introduction"}},
  note = "[Online; accessed 2012-10-12]"
}

@misc{ror-about,
  author = "Oracle Corporation",
  title = "{MySQL About}",
  year = "2012",
  howpublished={\url{"http://www.mysql.com/about/"}},
  note = "[Online; accessed 2012-10-12]"
}

@misc{couchdb-about,
  author = "The Apache Software Foundation",
  title = "{CouchDB} About",
  year = "2012",
  howpublished={\url{"http://couchdb.apache.org/"}},
  note = "[Online; accessed 2012-10-12]"
}

@misc{couchdb-technical,
  author = "The Apache Software Foundation",
  title = "{CouchDB} Technical Overview",
  year = "2012",
  howpublished={\url{"http://wiki.apache.org/couchdb/Technical\%20Overview"}},
  note = "[Online; accessed 2012-10-12]"
}

@misc{nodejs-about,
  author = "{Joyent, Inc.}",
  title = "Node.js title page",
  year = "2012",
  howpublished={\url{"http://http://nodejs.org/"}},
  note = "[Online; accessed 2012-10-10]"
}

@misc{aspnet-about,
  author = "{Microsoft}",
  title = "{ASP.NET Get Started}",
  year = "2012",
  howpublished={\url{"http://www.asp.net/get-started"}},
  note = "[Online; accessed 2012-10-10]"
}

@misc{php-whatis,
  author = "{The PHP Group}",
  title = "{What is PHP?}",
  year = "2012",
  howpublished={\url{"http://www.php.net/manual/en/intro-whatis.php"}},
  note = "[Online; accessed 2012-10-10]"
}

@misc{ror-about,
  author = "{Ruby on Rails}",
  title = "{About}",
  year = "2012",
  howpublished={\url{"http://rubyonrails.org/"}},
  note = "[Online; accessed 2012-10-10]"
}


@misc{jslint-about,
  author = "{JSLint}",
  title = "{What is JSLint?}",
  year = "2012",
  howpublished={\url{"http://www.jslint.com/lint.html"}},
  note = "[Online; accessed 2012-10-10]"
}


@misc{jshint-about,
  author = "{Anton Kovalyov}",
  title = "{Why I forked JSLint to JSHint}",
  year = "2011",
  howpublished={\url{"http://anton.kovalyov.net/2011/02/20/why-i-forked-jslint-to-jshint/"}},
  note = "[Online; accessed 2012-10-10]"
}

@misc{testing-standard,
  author = "{Software \& Systems Engineering Technical Committee of the IEEE Computer Society}",
  title = "{IEEE Standard for Software Test Documentation}",
  year = "2008"
}


@misc{w3-same-origin,
  author = "{W3C}",
  title = "{Same Origin Policy}",
  year = "2010",
  howpublished={\url{"http://www.w3.org/Security/wiki/Same_Origin_Policy"}},
  note = "[Online; accessed 2012-11-10]"
}


@Book{palermo2010asp.net,
 author = {Palermo, Jeffrey},
 title = {ASP.NET MVC in action with MvcContrib, NHibernate, and more},
 publisher = {Manning},
 year = {2010},
 address = {Greenwich Conn},
 isbn = {9781933988627}
 }

@Book{beck2003test-driven,
 author = {Beck, Kent},
 title = {Test-driven development : by example},
 publisher = {Addison-Wesley},
 year = {2003},
 address = {Boston},
 isbn = {9780321146533}
 }


@Book{sommerville2011software,
 author = {Sommerville, Ian},
 title = {Software engineering},
 publisher = {Pearson},
 year = {2011},
 address = {Boston},
 isbn = {9780137053469}
 }


@article{Kruchten,
 author = {Kruchten, Philippe},
 title = {The 4+1 View Morm of Architecture},
 journal = {IEEE Softw.},
 issue_date = {November 1995},
 volume = {12},
 number = {6},
 month = nov,
 year = {1995},
 issn = {0740-7459},
 pages = {42--50},
 numpages = {9},
 url = {http://dx.doi.org/10.1109/52.469759},
 doi = {10.1109/52.469759},
 acmid = {625529},
 publisher = {IEEE Computer Society Press},
 address = {Los Alamitos, CA, USA},
}

@Book{Fowl04,
  author =   {M. Fowler},
  title =  {{UML} Distilled, Third Edition},
  publisher =  {Addison Wesley},
  year =   2004
}

@article{pritchett,
 author = {Pritchett, Dan},
 title = {BASE: An Acid Alternative},
 journal = {Queue},
 issue_date = {May/June 2008},
 volume = {6},
 number = {3},
 month = may,
 year = {2008},
 issn = {1542-7730},
 pages = {48--55},
 numpages = {8},
 url = {http://doi.acm.org/10.1145/1394127.1394128},
 doi = {10.1145/1394127.1394128},
 acmid = {1394128},
 publisher = {ACM},
 address = {New York, NY, USA},
}

@misc{nosql,
  author = "{NoSQL}",
  title = "{List of NoSQL databases}",
  year = "2012",
  howpublished={\url{"http://nosql-database.org"}},
  note = "[Online; accessed 2012-10-10]"
}

@article{nosql-article,
  author = {Neil Leavitt},
  title = {Will NoSQL Databases Live Up to Their Promise?},
  issue_date={January 2010},
  url = {http://www.leavcom.com/pdf/NoSQL.pdf},
  publisher = {IEEE Computer Society},
}

@article{nosql-databases,
  author = {Cristof Strauch},
  title = {NoSQL Databases},
  url = {http://oak.cs.ucla.edu/cs144/handouts/nosqldbs.pdf},
}


@misc{bigdata,
  author = "{Wikipedia}",
  title = "{Big data}",
  year = "2012",
  howpublished={\url{"http://en.wikipedia.org/wiki/Big_data"}},
  note = "[Online; accessed 2012-11-10]"
}


@misc{hadoop,
  author = "{The Apache Software Foundation}",
  title = "{Welcome to Apache Hadoop!}",
  year = "2012",
  howpublished={\url{"http://hadoop.apache.org/index.pdf"}},
  note = "[Online; accessed 2012-11-10]"
}

<<<<<<< Updated upstream
@Book{kroenke2006database,
 author = {Kroenke, David},
 title = {Database processing : fundamentals, design, and implementation},
 publisher = {Pearson Prentice Hall},
 year = {2006},
 address = {Upper Saddle River, N.J},
 isbn = {9780131672673}
 }

 @Book{ramakrishnan2003database,
 author = {Ramakrishnan, Raghu},
 title = {Database management systems},
 publisher = {McGraw-Hill},
 year = {2003},
 address = {Boston},
 isbn = {9780071230575}
 }
